<?xml version="1.0" encoding="UTF-8"?><collection xmlns="http://www.loc.gov/MARC21/slim"><record><leader>00448nam--2200145-i-4500</leader><controlfield tag="001">000019439</controlfield><controlfield tag="002">20161230</controlfield><controlfield tag="005">20161230201033</controlfield><controlfield tag="008">060222s1000------------r-----000-0-eng-d</controlfield><datafield ind1=" " ind2=" " tag="080"><subfield code="a">539.1(075.8)</subfield></datafield><datafield ind1=" " ind2=" " tag="100"><subfield code="a">Enge,Harald A., Russell,Wehr.M.,James Richards A</subfield></datafield><datafield ind1=" " ind2=" " tag="245"><subfield code="a">Introduction to atomic physics</subfield></datafield><datafield ind1=" " ind2=" " tag="260"><subfield code="a">Reading, Massachusetts,Addison-wesley Publishing Company, 1972. Ix + 486 P</subfield></datafield><datafield ind1=" " ind2=" " tag="490"><subfield code="a">World Student Series Edition</subfield></datafield><datafield ind1=" " ind2=" " tag="852"><subfield code="a">39409</subfield></datafield></record></collection>